@manual{AWS19,
    author={AWS},
    title={AWS DeepRacer: Developer Guide},
    url={https://docs.aws.amazon.com/deepracer/latest/developerguide/awsracerdg.pdf},
    month={12},
    language={english}
}

@book{Sutton18,
    author={Richard S. Sutton, Andrew G. Barto},
    title={Reinforcement Learning: An Introduction},
    publisher={The MIT Press},
    year={2018},
    language={english}
}

@book {Ackermann06,
    author={William Norris},
    title={Modern steam road wagons},
    publisher={University of California Libraries},
    year={1906},
    url={https://archive.org/details/modernsteamroadw00norrrich/page/64/mode/2up},
    language={english}
}

@misc{deepracer2019,  
	title={DeepRacer: Educational Autonomous Racing Platform for Experimentation with Sim2Real Reinforcement Learning},
	author={Bharathan Balaji and Sunil Mallya and Sahika Genc and Saurabh Gupta and Leo Dirac and Vineet Khare and Gourav Roy and Tao Sun and Yunzhe Tao and Brian Townsend and Eddie Calleja and Sunil Muralidhara and Dhanasekar Karuppasamy},
	year={2019},  
	eprint={1911.01562},  
	archivePrefix={arXiv},  
	primaryClass={cs.LG}  
}

@online{waypoints,
    title={Visualizing AWS DeepRacer Waypoints},
    organization={ARCC},
    url={https://medium.com/@autonomousracecarclub/visualizing-aws-deepracer-waypoints-9b94e6311b7a},
    urldate={2021-02-22}
}

@online{Docker-Compose,
        title={Overview of Docker Compose},
        organization={Docker Inc.},
        url = {https://docs.docker.com/},
        urldate = {2021-02-18}
}

@online{VNC/VNC-Viewer,
    title = {Overview of VNC},
    organisation = {RealVNC Limited},
    url = {https://www.realvnc.com/de/},
    urldate = {2021-02-18}
}

@online{Python,
        title = {Python Documentation},
        organisation = {Python Software Foundation},
        url = {https://www.python.org/doc},
        urldate = {2021-02-18}
}

@online {Deepracer-Wiki,
        title = {Deepracer Community Documentation},
        organisation = {Media Wiki},
        author = {Tptak},
        url = {https://wiki.deepracing.io/Main_Page},
        urldate = {2021-02-18}
}

@online {Local-Training-2,
        title = {Local Training Implementation},
        author = {mattcamps and Crr0004 and AlexSchultz and Richardfan1126 and LarsLL},
        url = {https://github.com/mattcamp/deepracer\-local/blob/master/README.md},
        urldate = {2021-02-18}
}

@online {Local-Training-1,
        title = {Local Training False √çmplementation},
        author = {Crr0004 and AlexSchultz},
        url = {https://github.com/aws\-deepracer\-community/deepracer\-for\-cloud/blob/master/README.md},
        urldate = {2020-12-20}
}

@online {Gazebo,
        title= {Gazebo},
        organisation = {Open Source Robotics Foundation},
        url = {http://gazebosim.org/},
        urldate = {2021-02-18}
}

@online {rviz,
        title = {rviz},
        organisation = {Open Robotics},
        author = {WilliamWoodall},
        url = {http://wiki.ros.org/rviz},
        urldate = {2021-02-18}
}

@online {Nvidia-cuDDN,
        title = {Nvidia-cuDDN},
        organisation = {Nvidia Corporation},
        url = {https://developer.nvidia.com/cudnn},
        urldate = {2021-02-18}
}

@online {Nvidia-CUDA,
        title = {Nvidia-CUDA},
        organisation = {Nvidia Corporation},
        url = {https://developer.nvidia.com/cuda\-zone},
        urldate = {2021-02-18}
}

@online {Amazon-Cloud-Hardware,
        title = {Cloud Hardware},
        author = {huanli},
        url = {https://huanliu.wordpress.com/2010/06/14/amazons\-physical\-hardware\-and\-ec2\-compute\-unit/},
        urldate = {2021-02-18}
}

@online{RFB,
        title = {RFB-Protocol},
        author = {Richardson and Levine},
        url = {https://tools.ietf.org/html/rfc6143},
        urldate = {2021-02-18}
}

@online{YAML,
        title = {YAML-File},
        authors = {perlpunk and ingydotnet and hvr and Geod24 and sol and goccy and dpprdan and azjezz and amihaiemil and tsla and erikvanbilsen},
        url = {https://yaml.org/},
        urldate = {2021-02-18}
}

@online{s3,
        title = {s3},
        organisation = {Amazon Web Services, Inc.},
        url = {https://aws.amazon.com/de/s3/},
        urldate = {2021-02-22}
}

@online{Sagemaker,
        title = {Sagemaker},
        organisation = {Amazon Web Services, Inc.},
        url = {https://aws.amazon.com/de/sagemaker/},
        urldate = {2021-02-22}
}

@online{Robomaker,
        title = {Robomaker},
        organisation = {Amazon Web Services, Inc.},
        url = {https://aws.amazon.com/de/robomaker/},
        urldate = {2021-02-22}
}

@online{PowerCost,
        title = {CostPower},
        organisation = {E-Control},
        url = {https://www.e\-control.at/konsumenten/strom/strompreis/was\-kostet\-eine\-kwh#:~:text=Unterschiede\%20nach\%20Wohnort\-,Eine\%20Kilowattstunde\%20Strom\%20kostet\%20einen\%20durchschnittlichen\%20Haushalt\%20mit\%203.500\%20kWh,in\%20Graz\%2018\%2C47\%20Cent.},
        urldate = {2021-02-22}
}